<?xml version="1.0" encoding="UTF-8"?><collection xmlns="http://www.loc.gov/MARC21/slim"><record><leader>00334nam--2200133-i-4500</leader><controlfield tag="001">000009140</controlfield><controlfield tag="002">20161230</controlfield><controlfield tag="005">20161230201028</controlfield><controlfield tag="008">060222s1000------------r-----000-0-eng-d</controlfield><datafield ind1=" " ind2=" " tag="080"><subfield code="a">541</subfield></datafield><datafield ind1=" " ind2=" " tag="100"><subfield code="a">Bard, Allen J</subfield></datafield><datafield ind1=" " ind2=" " tag="245"><subfield code="a">Chemical equilibrium</subfield></datafield><datafield ind1=" " ind2=" " tag="260"><subfield code="a">New York, Evanston &amp; London, Harper &amp; Row, 1966. Xi + 202 P</subfield></datafield><datafield ind1=" " ind2=" " tag="852"><subfield code="a">31843</subfield></datafield></record></collection>